@inproceedings{neumeyer2010s4,
  title={S4: Distributed stream computing platform},
  author={Neumeyer, Leonardo and Robbins, Bruce and Nair, Anish and Kesari, Anand},
  booktitle={Data Mining Workshops (ICDMW), 2010 IEEE International Conference on},
  pages={170--177},
  year={2010},
  organization={IEEE}
}

@inproceedings{toshniwal2014storm,
  title={Storm@ twitter},
  author={Toshniwal, Ankit and Taneja, Siddarth and Shukla, Amit and Ramasamy, Karthik and Patel, Jignesh M and Kulkarni, Sanjeev and Jackson, Jason and Gade, Krishna and Fu, Maosong and Donham, Jake and others},
  booktitle={Proceedings of the 2014 ACM SIGMOD international conference on Management of data},
  pages={147--156},
  year={2014},
  organization={ACM}
}

@article{akidau2013millwheel,
  title={MillWheel: fault-tolerant stream processing at internet scale},
  author={Akidau, Tyler and Balikov, Alex and Bekiro{\u{g}}lu, Kaya and Chernyak, Slava and Haberman, Josh and Lax, Reuven and McVeety, Sam and Mills, Daniel and Nordstrom, Paul and Whittle, Sam},
  journal={Proceedings of the VLDB Endowment},
  volume={6},
  number={11},
  pages={1033--1044},
  year={2013},
  publisher={VLDB Endowment}
}

@article{agha1985actors,
  title={Actors: a model of concurrent computation in distributed systems},
  author={Agha, Gul Abdulnabi},
  year={1985}
}

@inproceedings{zaharia2012discretized,
  title={Discretized streams: an efficient and fault-tolerant model for stream processing on large clusters},
  author={Zaharia, Matei and Das, Tathagata and Li, Haoyuan and Shenker, Scott and Stoica, Ion},
  booktitle={Proceedings of the 4th USENIX conference on Hot Topics in Cloud Ccomputing},
  pages={10--10},
  year={2012},
  organization={USENIX Association}
}

@inproceedings{zaharia2012resilient,
  title={Resilient distributed datasets: A fault-tolerant abstraction for in-memory cluster computing},
  author={Zaharia, Matei and Chowdhury, Mosharaf and Das, Tathagata and Dave, Ankur and Ma, Justin and McCauley, Murphy and Franklin, Michael J and Shenker, Scott and Stoica, Ion},
  booktitle={Proceedings of the 9th USENIX conference on Networked Systems Design and Implementation},
  pages={2--2},
  year={2012},
  organization={USENIX Association}
}

@article{lam2012muppet,
  title={Muppet: MapReduce-style processing of fast data},
  author={Lam, Wang and Liu, Lu and Prasad, STS and Rajaraman, Anand and Vacheri, Zoheb and Doan, AnHai},
  journal={Proceedings of the VLDB Endowment},
  volume={5},
  number={12},
  pages={1814--1825},
  year={2012},
  publisher={VLDB Endowment}
}

@article{lakshman2010cassandra,
  title={Cassandra: a decentralized structured storage system},
  author={Lakshman, Avinash and Malik, Prashant},
  journal={ACM SIGOPS Operating Systems Review},
  volume={44},
  number={2},
  pages={35--40},
  year={2010},
  publisher={ACM}
}

@inproceedings{jerzak2014debs,
  title={The DEBS 2014 grand challenge},
  author={Jerzak, Zbigniew and Ziekow, Holger},
  booktitle={Proceedings of the 8th ACM International Conference on Distributed Event-Based Systems},
  pages={266--269},
  year={2014},
  organization={ACM}
}

@inproceedings{mutschler2014predictive,
  title={Predictive load management in smart grid environments},
  author={Mutschler, Christopher and L{\"o}ffler, Christoffer and Witt, Nicolas and Edelh{\"a}u{\ss}er, Thorsten and Philippsen, Michael},
  booktitle={Proceedings of the 8th ACM International Conference on Distributed Event-Based Systems},
  pages={282--287},
  year={2014},
  organization={ACM}
}

@inproceedings{fernandez2014scalable,
  title={Scalable stateful stream processing for smart grids},
  author={Fernandez, Raul Castro and Weidlich, Matthias and Pietzuch, Peter and Gal, Avigdor},
  booktitle={Proceedings of the 8th ACM International Conference on Distributed Event-Based Systems},
  pages={276--281},
  year={2014},
  organization={ACM}
}

@inproceedings{castro2013integrating,
  title={Integrating scale out and fault tolerance in stream processing using operator state management},
  author={Castro Fernandez, Raul and Migliavacca, Matteo and Kalyvianaki, Evangelia and Pietzuch, Peter},
  booktitle={Proceedings of the 2013 ACM SIGMOD international conference on Management of data},
  pages={725--736},
  year={2013},
  organization={ACM}
}

@inproceedings{perera2014solving,
  title={Solving the grand challenge using an opensource CEP engine},
  author={Perera, Srinath and Sriskandarajah, Suhothayan and Vivekanandalingam, Mohanadarshan and Fremantle, Paul and Weerawarana, Sanjiva},
  booktitle={Proceedings of the 8th ACM International Conference on Distributed Event-Based Systems},
  pages={288--293},
  year={2014},
  organization={ACM}
}







